@incollection{muddukrishna2013locality,
  title={Locality-aware task scheduling and data distribution on {NUMA} systems},
  author={Muddukrishna, Ananya and Jonsson, Peter A and Vlassov, Vladimir and Brorsson, Mats},
  booktitle={{OpenMP} in the Era of Low Power Devices and Accelerators},
  pages={156--170},
  year={2013},
  publisher={Springer Berlin Heidelberg},
}
@incollection{muddukrishna2013task,
  title={Task scheduling on manycore processors with home caches},
  author={Muddukrishna, Ananya and Podobas, Artur and Brorsson, Mats and Vlassov, Vladimir},
  booktitle={Euro-Par 2012: Parallel Processing Workshops},
  pages={357--367},
  year={2013},
  publisher={Springer},
  note={\textbf{Best paper award.}}
}
@misc{muddukrishna2011locality,
  title={A locality approach to architecture-aware task scheduling in {OpenMP}},
  author={Muddukrishna, Ananya and Brorsson, Mats and Vlassov, Vladimir},
  howpublished={Fourth Swedish Workshop on Multicore Computing},
  year={2011},
}
@article{muddukrishna2015characterizing,
    author = {Muddukrishna, Ananya AND Jonsson, Peter A. AND Brorsson, Mats},
    journal = {PLoS ONE},
    publisher = {Public Library of Science},
    title = {Characterizing Task-Based {OpenMP} Programs},
    year = {2015},
    month = {04},
    volume = {10},
    number = {4},
    doi = {10.1371/journal.pone.0123545}
}
@misc{muddukrishna2016improving,
  title={{Improving OpenMP productivity with data locality optimizations and high-resolution performance analysis}},
  author={{Muddukrishna, Ananya}},
  howpublished={Doctoral thesis, KTH Royal Insititute of Technology},
  year={2016},
  month=01,
}
@misc{muddukrishna2014locality,
  title={Locality-aware Scheduling and Characterization of Task-based Programs},
  author={{Muddukrishna, Ananya}},
  howpublished={Licentiate thesis, KTH Royal Insititute of Technology},
  year={2014},
  month=03,
}
@mastersthesis{muddukrishna2010exploiting,
  title={Exploiting locality in {OpenMP} task scheduling},
  author={{Muddukrishna, Ananya}},
  school={KTH Royal Insititute of Technology},
  year={2010},
  month=06,
}
@article{muddukrishnalocality,
  title={Locality-aware Task Scheduling and Data Distribution for {OpenMP} Programs on {NUMA} Systems and Manycore Processors},
  author={{Muddukrishna, Ananya} and Jonsson, Peter A and Brorsson, Mats},
  journal={Scientific Programming},
  number= {981759},
  publisher={IOS Press},
  year={2015},
  note={Reviewed and accepeted for publication by IOS publishers.}
}
@misc{muddukrishna2015grain,
  title={Grain graphs: {OpenMP} performance analysis made easy},
  author={{Muddukrishna, Ananya} and Jonsson, Peter A and Podobas, Artur and Brorsson, Mats},
  howpublished={21st ACM SIGPLAN Symposium on Principles and Practice of Parallel Programming ({PPOPP'16})},
  year={2016}
}
